<record xmlns="http://www.loc.gov/MARC21/slim">
   <leader>03243cam a2200433 i 4500</leader>
   <controlfield tag="001">6786475</controlfield>
   <controlfield tag="003">OCoLC</controlfield>
   <controlfield tag="005">20150112134722.0</controlfield>
   <controlfield tag="008">140512t20152015nyu      b    001 0 eng  </controlfield>
   <datafield ind1=" " ind2=" " tag="010">
      <subfield code="a">  2014018766</subfield>
   </datafield>
   <datafield ind1=" " ind2=" " tag="015">
      <subfield code="a">GBB4D4282</subfield>
      <subfield code="2">bnb</subfield>
   </datafield>
   <datafield ind1="7" ind2=" " tag="016">
      <subfield code="a">016955456</subfield>
      <subfield code="2">Uk</subfield>
   </datafield>
   <datafield ind1=" " ind2=" " tag="020">
      <subfield code="a">9781623562960 (HB)</subfield>
   </datafield>
   <datafield ind1=" " ind2=" " tag="020">
      <subfield code="a">1623562961 (HB)</subfield>
   </datafield>
   <datafield ind1=" " ind2=" " tag="020">
      <subfield code="z">9781623562434 (ePDF)</subfield>
   </datafield>
   <datafield ind1=" " ind2=" " tag="020">
      <subfield code="z">9781623568313 (ePub)</subfield>
   </datafield>
   <datafield ind1=" " ind2=" " tag="035">
      <subfield code="a">ocn879642574</subfield>
   </datafield>
   <datafield ind1=" " ind2=" " tag="040">
      <subfield code="a">DLC</subfield>
      <subfield code="b">eng</subfield>
      <subfield code="e">rda</subfield>
      <subfield code="c">DLC</subfield>
      <subfield code="d">OCLCF</subfield>
      <subfield code="d">YDXCP</subfield>
      <subfield code="d">NDD</subfield>
      <subfield code="d">UKMGB</subfield>
      <subfield code="d">ZCU</subfield>
      <subfield code="d">CDX</subfield>
      <subfield code="d">COA</subfield>
      <subfield code="d">UAB</subfield>
   </datafield>
   <datafield ind1=" " ind2=" " tag="042">
      <subfield code="a">pcc</subfield>
   </datafield>
   <datafield ind1="0" ind2="0" tag="050">
      <subfield code="a">PS3568.O855</subfield>
      <subfield code="b">Z57 2015</subfield>
   </datafield>
   <datafield ind1="0" ind2="0" tag="082">
      <subfield code="a">813/.54</subfield>
      <subfield code="2">23</subfield>
   </datafield>
   <datafield ind1=" " ind2=" " tag="084">
      <subfield code="a">LIT000000</subfield>
      <subfield code="a">LIT004020</subfield>
      <subfield code="2">bisacsh</subfield>
   </datafield>
   <datafield ind1=" " ind2=" " tag="090">
      <subfield code="a">PS 3568 O9 Z57 2015</subfield>
      <subfield code="b">AEU</subfield>
   </datafield>
   <datafield ind1="1" ind2=" " tag="100">
      <subfield code="a">Basu, Ann,</subfield>
      <subfield code="e">author.</subfield>
   </datafield>
   <datafield ind1="1" ind2="0" tag="245">
      <subfield code="a">States of Trial :</subfield>
      <subfield code="b">manhood in Philip Roth's Post-War America /</subfield>
      <subfield code="c">Ann Basu.</subfield>
   </datafield>
   <datafield ind1=" " ind2="1" tag="264">
      <subfield code="a">New York :</subfield>
      <subfield code="b">Bloomsbury Academic, an imprint of Bloomsbury Publishing Inc,</subfield>
      <subfield code="c">2015.</subfield>
   </datafield>
   <datafield ind1=" " ind2="4" tag="264">
      <subfield code="c">©2015</subfield>
   </datafield>
   <datafield ind1=" " ind2=" " tag="300">
      <subfield code="a">189 pages ;</subfield>
      <subfield code="c">24 cm</subfield>
   </datafield>
   <datafield ind1=" " ind2=" " tag="336">
      <subfield code="a">text</subfield>
      <subfield code="2">rdacontent</subfield>
   </datafield>
   <datafield ind1=" " ind2=" " tag="337">
      <subfield code="a">unmediated</subfield>
      <subfield code="2">rdamedia</subfield>
   </datafield>
   <datafield ind1=" " ind2=" " tag="338">
      <subfield code="a">volume</subfield>
      <subfield code="2">rdacarrier</subfield>
   </datafield>
   <datafield ind1=" " ind2=" " tag="504">
      <subfield code="a">Includes bibliographical references (pages 169-175) and index.</subfield>
   </datafield>
   <datafield ind1="0" ind2=" " tag="505">
      <subfield code="a">Introduction: Philip Roth's Post-war Americans on Trial -- 1. Turning Sentences Around: Trial Themes in The Ghost Writer, Zuckerman Unbound and The Anatomy Lesson -- 2. Before the Law: Operation Shylock: A Confession -- 3. Testing "Stories of Old" in American Pastoral -- 4. Undoing the Bildungsroman: Cold War Trials in I Married A Communist -- 5. Spooking the American National Body in The Human Stain -- 6. The Plot Against America and the Trials of the American Constitution -- Nemeses: Reworking the Trial for Post-war America -- Bibliography of Works Cited -- Index.</subfield>
   </datafield>
   <datafield ind1=" " ind2=" " tag="520">
      <subfield code="a">"This study of five towering Philip Roth novels - Operation Shylock, the American Pastoral trilogy, and The Plot Against America - explores his vision of a turbulent post-war America personified in trial-racked Jewish American men. These works collectively register the impact of post-1945 upheavals upon the nation and American trial-based myths about wholesomeness and regeneration. Roth shows how the "stories of old" which moulded American self-making have produced disorderly and disruptive counter-stories, playing themselves out in Jewish men marked by spots and stains where their constitutional integrity has been infringed. Roth probes the nation's own constitutional testing points as he shatters the identities of characters such as fallen ace athlete Swede Levov and disgraced academic Coleman Silk. His books seek to strip away America's false innocence, demanding that historical accountability should replace myths of new beginnings. Creating arenas of trial for his American men where national discourses and narratives cross and clash, Roth's novels reveal that a culture equals its debates and allow us to see Americans and America as ongoing experiments, always being tested"--</subfield>
      <subfield code="c">Provided by publisher.</subfield>
   </datafield>
   <datafield ind1=" " ind2=" " tag="596">
      <subfield code="a">43</subfield>
   </datafield>
   <datafield ind1="1" ind2="0" tag="600">
      <subfield code="a">Roth, Philip</subfield>
      <subfield code="x">Criticism and interpretation.</subfield>
   </datafield>
   <datafield ind1=" " ind2="0" tag="650">
      <subfield code="a">Masculinity in literature.</subfield>
   </datafield>
   <datafield ind1=" " ind2=" " tag="949">
      <subfield code="a">PS 3568 O9 Z57 2015</subfield>
      <subfield code="c">1</subfield>
      <subfield code="h">UAHS-B</subfield>
      <subfield code="i">0162035222031</subfield>
   </datafield>
   <datafield ind1=" " ind2=" " tag="926">
      <subfield code="a">PS 3568 O9 Z57 2015</subfield>
      <subfield code="w">LC</subfield>
      <subfield code="c">1</subfield>
      <subfield code="i">0162035222031</subfield>
      <subfield code="l">ON_SHELF</subfield>
      <subfield code="m">UAHSS</subfield>
      <subfield code="p">$150.00</subfield>
      <subfield code="r">Y</subfield>
      <subfield code="s">Y</subfield>
      <subfield code="t">BOOK</subfield>
      <subfield code="u">1/21/2015</subfield>
   </datafield>
</record>
